@misc{herbinger2023decomposing,
      title={Decomposing Global Feature Effects Based on Feature Interactions},
      author={Julia Herbinger and Bernd Bischl and Giuseppe Casalicchio},
      year={2023},
      eprint={2306.00541},
      archivePrefix={arXiv},
      primaryClass={stat.ML}
}

@inproceedings{gkolemis2023dale,
  title={DALE: Differential Accumulated Local Effects for efficient and accurate global explanations},
  author={Gkolemis, Vasilis and Dalamagas, Theodore and Diou, Christos},
  booktitle={Asian Conference on Machine Learning},
  pages={375--390},
  year={2023},
  organization={PMLR}
}

@article{apley2020visualizing,
  title={Visualizing the effects of predictor variables in black box supervised learning models},
  author={Apley, Daniel W and Zhu, Jingyu},
  journal={Journal of the Royal Statistical Society Series B: Statistical Methodology},
  volume={82},
  number={4},
  pages={1059--1086},
  year={2020},
  publisher={Oxford University Press}
}

@inproceedings{arik2021tabnet,
  title={Tabnet: Attentive interpretable tabular learning},
  author={Arik, Sercan {\"O} and Pfister, Tomas},
  booktitle={Proceedings of the AAAI Conference on Artificial Intelligence},
  volume={35},
  number={8},
  pages={6679--6687},
  year={2021}
}

@article{agarwal2021neural,
  title={Neural additive models: Interpretable machine learning with neural nets},
  author={Agarwal, Rishabh and Melnick, Levi and Frosst, Nicholas and Zhang, Xuezhou and Lengerich, Ben and Caruana, Rich and Hinton, Geoffrey E},
  journal={Advances in Neural Information Processing Systems},
  volume={34},
  pages={4699--4711},
  year={2021}
}

@inproceedings{lou2013accurate,
  title={Accurate intelligible models with pairwise interactions},
  author={Lou, Yin and Caruana, Rich and Gehrke, Johannes and Hooker, Giles},
  booktitle={Proceedings of the 19th ACM SIGKDD international conference on Knowledge discovery and data mining},
  pages={623--631},
  year={2013}
}

@article{hastie1987generalized,
  title={Generalized additive models: some applications},
  author={Hastie, Trevor and Tibshirani, Robert},
  journal={Journal of the American Statistical Association},
  volume={82},
  number={398},
  pages={371--386},
  year={1987},
  publisher={Taylor \& Francis}
}