@inproceedings{molnar2020interpretable,
  title={Interpretable machine learning--a brief history, state-of-the-art and challenges},
  author={Molnar, Christoph and Casalicchio, Giuseppe and Bischl, Bernd},
  booktitle={Joint European Conference on Machine Learning and Knowledge Discovery in Databases},
  pages={417--431},
  year={2020},
  organization={Springer}
}

@inproceedings{molnar2022general,
  title={General pitfalls of model-agnostic interpretation methods for machine learning models},
  author={Molnar, Christoph and K{\"o}nig, Gunnar and Herbinger, Julia and Freiesleben, Timo and Dandl, Susanne and Scholbeck, Christian A and Casalicchio, Giuseppe and Grosse-Wentrup, Moritz and Bischl, Bernd},
  booktitle={International Workshop on Extending Explainable AI Beyond Deep Models and Classifiers},
  pages={39--68},
  year={2022},
  organization={Springer}
}

@inproceedings{herbinger2022repid,
  title={REPID: Regional Effect Plots with implicit Interaction Detection},
  author={Herbinger, Julia and Bischl, Bernd and Casalicchio, Giuseppe},
  booktitle={International Conference on Artificial Intelligence and Statistics},
  pages={10209--10233},
  year={2022},
  organization={PMLR}
}

@article{mehrabi2021survey,
  title={A survey on bias and fairness in machine learning},
  author={Mehrabi, Ninareh and Morstatter, Fred and Saxena, Nripsuta and Lerman, Kristina and Galstyan, Aram},
  journal={ACM Computing Surveys (CSUR)},
  volume={54},
  number={6},
  pages={1--35},
  year={2021},
  publisher={ACM New York, NY, USA}
}

@article{apley2020visualizing,
  title={Visualizing the effects of predictor variables in black box supervised learning models},
  author={Apley, Daniel W and Zhu, Jingyu},
  journal={Journal of the Royal Statistical Society: Series B (Statistical Methodology)},
  volume={82},
  number={4},
  pages={1059--1086},
  year={2020},
  publisher={Wiley Online Library}
}

@article{friedman2001greedy,
  title={Greedy function approximation: a gradient boosting machine},
  author={Friedman, Jerome H},
  journal={Annals of statistics},
  pages={1189--1232},
  year={2001},
  publisher={JSTOR}
}

@article{goldstein2015peeking,
  title={Peeking inside the black box: Visualizing statistical learning with plots of individual conditional expectation},
  author={Goldstein, Alex and Kapelner, Adam and Bleich, Justin and Pitkin, Emil},
  journal={journal of Computational and Graphical Statistics},
  volume={24},
  number={1},
  pages={44--65},
  year={2015},
  publisher={Taylor \& Francis}
}